@String(PAMI = {IEEE Trans. Pattern Anal. Mach. Intell.})
@String(IJCV = {Int. J. Comput. Vis.})
@String(CVPR= {IEEE Conf. Comput. Vis. Pattern Recog.})
@String(ICCV= {Int. Conf. Comput. Vis.})
@String(ECCV= {Eur. Conf. Comput. Vis.})
@String(NIPS= {Adv. Neural Inform. Process. Syst.})
@String(ICPR = {Int. Conf. Pattern Recog.})
@String(BMVC= {Brit. Mach. Vis. Conf.})
@String(TOG= {ACM Trans. Graph.})
@String(TIP  = {IEEE Trans. Image Process.})
@String(TVCG  = {IEEE Trans. Vis. Comput. Graph.})
@String(TMM  = {IEEE Trans. Multimedia})
@String(ACMMM= {ACM Int. Conf. Multimedia})
@String(ICME = {Int. Conf. Multimedia and Expo})
@String(ICASSP=	{ICASSP})
@String(ICIP = {IEEE Int. Conf. Image Process.})
@String(ACCV  = {ACCV})
@String(ICLR = {Int. Conf. Learn. Represent.})
@String(IJCAI = {IJCAI})
@String(PR   = {Pattern Recognition})
@String(AAAI = {AAAI})
@String(CVPRW= {IEEE Conf. Comput. Vis. Pattern Recog. Worksh.})
@String(CSVT = {IEEE Trans. Circuit Syst. Video Technol.})

@String(SPL	= {IEEE Sign. Process. Letters})
@String(VR   = {Vis. Res.})
@String(JOV	 = {J. Vis.})
@String(TVC  = {The Vis. Comput.})
@String(JCST  = {J. Comput. Sci. Tech.})
@String(CGF  = {Comput. Graph. Forum})
@String(CVM = {Computational Visual Media})


@String(PAMI  = {IEEE TPAMI})
@String(IJCV  = {IJCV})
@String(CVPR  = {CVPR})
@String(ICCV  = {ICCV})
@String(ECCV  = {ECCV})
@String(NIPS  = {NeurIPS})
@String(ICPR  = {ICPR})
@String(BMVC  =	{BMVC})
@String(TOG   = {ACM TOG})
@String(TIP   = {IEEE TIP})
@String(TVCG  = {IEEE TVCG})
@String(TCSVT = {IEEE TCSVT})
@String(TMM   =	{IEEE TMM})
@String(ACMMM = {ACM MM})
@String(ICME  =	{ICME})
@String(ICASSP=	{ICASSP})
@String(ICIP  = {ICIP})
@String(ACCV  = {ACCV})
@String(ICLR  = {ICLR})
@String(IJCAI = {IJCAI})
@String(PR = {PR})
@String(AAAI = {AAAI})
@String(CVPRW= {CVPRW})
@String(CSVT = {IEEE TCSVT})



This file was created with JabRef 2.0.1.
Encoding: Cp1252

@inproceedings{eckstein2021mind,
  title={How the mind creates structure: Hierarchical learning of action sequences},
  author={Eckstein, Maria K and Collins, Anne GE},
  booktitle={CogSci... Annual Conference of the Cognitive Science Society. Cognitive Science Society (US). Conference},
  volume={43},
  pages={618},
  year={2021},
  organization={NIH Public Access}
}

@article{botvinick2009hierarchically,
  title={Hierarchically organized behavior and its neural foundations: A reinforcement learning perspective},
  author={Botvinick, Matthew M and Niv, Yael and Barto, Andew G},
  journal={cognition},
  volume={113},
  number={3},
  pages={262--280},
  year={2009},
  publisher={Elsevier}
}

@article{theves2021learning,
  title={Learning and representation of hierarchical concepts in hippocampus and prefrontal cortex},
  author={Theves, Stephanie and Neville, David A and Fern{\'a}ndez, Guill{\'e}n and Doeller, Christian F},
  journal={Journal of Neuroscience},
  volume={41},
  number={36},
  pages={7675--7686},
  year={2021},
  publisher={Soc Neuroscience}
}

@inproceedings{wang2023consistency,
  title={Consistency-aware Feature Learning for Hierarchical Fine-grained Visual Classification},
  author={Wang, Rui and Zou, Cong and Zhang, Weizhong and Zhu, Zixuan and Jing, Lihua},
  booktitle={Proceedings of the 31st ACM International Conference on Multimedia},
  pages={2326--2334},
  year={2023}
}

@article{wang2021label,
  title={Label Hierarchy Transition: Delving into Class Hierarchies to Enhance Deep Classifiers},
  author={Wang, Renzhen and Xiao, Kaiwen and Jia, Xixi and Han, Xiao and Meng, Deyu and others},
  journal={arXiv preprint arXiv:2112.02353},
  year={2021}
}

@inproceedings{chen2019deep,
  title={Deep hierarchical multi-label classification of chest X-ray images},
  author={Chen, Haomin and Miao, Shun and Xu, Daguang and Hager, Gregory D and Harrison, Adam P},
  booktitle={International conference on medical imaging with deep learning},
  pages={109--120},
  year={2019},
  organization={PMLR}
}

@article{jiang2024hierarchical,
  title={Hierarchical multi-granularity classification based on bidirectional knowledge transfer},
  author={Jiang, Juan and Yang, Jingmin and Zhang, Wenjie and Zhang, Hongbin},
  journal={Multimedia Systems},
  volume={30},
  number={4},
  pages={207},
  year={2024},
  publisher={Springer}
}

@inproceedings{pujari2021multi,
  title={A multi-task approach to neural multi-label hierarchical patent classification using transformers},
  author={Pujari, Subhash Chandra and Friedrich, Annemarie and Str{\"o}tgen, Jannik},
  booktitle={Advances in Information Retrieval: 43rd European Conference on IR Research, ECIR 2021, Virtual Event, March 28--April 1, 2021, Proceedings, Part I 43},
  pages={513--528},
  year={2021},
  organization={Springer}
}

@inproceedings{huang2017densely,
  title={Densely connected convolutional networks},
  author={Huang, Gao and Liu, Zhuang and Van Der Maaten, Laurens and Weinberger, Kilian Q},
  booktitle={Proceedings of the IEEE conference on computer vision and pattern recognition},
  pages={4700--4708},
  year={2017}
}

@inproceedings{liu2022convnet,
  title={A convnet for the 2020s},
  author={Liu, Zhuang and Mao, Hanzi and Wu, Chao-Yuan and Feichtenhofer, Christoph and Darrell, Trevor and Xie, Saining},
  booktitle={Proceedings of the IEEE/CVF conference on computer vision and pattern recognition},
  pages={11976--11986},
  year={2022}
}

@inproceedings{tu2022maxvit,
  title={Maxvit: Multi-axis vision transformer},
  author={Tu, Zhengzhong and Talebi, Hossein and Zhang, Han and Yang, Feng and Milanfar, Peyman and Bovik, Alan and Li, Yinxiao},
  booktitle={European conference on computer vision},
  pages={459--479},
  year={2022},
  organization={Springer}
}

@inproceedings{krause2015fine,
  title={Fine-grained recognition without part annotations},
  author={Krause, Jonathan and Jin, Hailin and Yang, Jianchao and Fei-Fei, Li},
  booktitle={Proceedings of the IEEE conference on computer vision and pattern recognition},
  pages={5546--5555},
  year={2015}
}

@article{buslaev2020albumentations,
  title={Albumentations: fast and flexible image augmentations},
  author={Buslaev, Alexander and Iglovikov, Vladimir I and Khvedchenya, Eugene and Parinov, Alex and Druzhinin, Mikhail and Kalinin, Alexandr A},
  journal={Information},
  volume={11},
  number={2},
  pages={125},
  year={2020},
  publisher={Multidisciplinary Digital Publishing Institute}
}

@inproceedings{smith2019super,
  title={Super-convergence: Very fast training of neural networks using large learning rates},
  author={Smith, Leslie N and Topin, Nicholay},
  booktitle={Artificial intelligence and machine learning for multi-domain operations applications},
  volume={11006},
  pages={369--386},
  year={2019},
  organization={SPIE}
}

@article{caruana1997multitask,
  title={Multitask learning},
  author={Caruana, Rich},
  journal={Machine learning},
  volume={28},
  pages={41--75},
  year={1997},
  publisher={Springer}
}

@article{zhang2021survey,
  title={A survey on multi-task learning},
  author={Zhang, Yu and Yang, Qiang},
  journal={IEEE transactions on knowledge and data engineering},
  volume={34},
  number={12},
  pages={5586--5609},
  year={2021},
  publisher={IEEE}
}

@article{vaswani2017attention,
  title={Attention is all you need},
  author={Vaswani, A},
  journal={Advances in Neural Information Processing Systems},
  year={2017}
}

@inproceedings{yang2015large,
  title={A large-scale car dataset for fine-grained categorization and verification},
  author={Yang, Linjie and Luo, Ping and Change Loy, Chen and Tang, Xiaoou},
  booktitle={Proceedings of the IEEE conference on computer vision and pattern recognition},
  pages={3973--3981},
  year={2015}
}