@article{lecun2015deep,
  title={Deep learning},
  author={LeCun, Yann and Bengio, Yoshua and Hinton, Geoffrey},
  journal={nature},
  volume={521},
  number={7553},
  pages={436--444},
  year={2015},
  publisher={Nature Publishing Group UK London}
}

@article{caruana1997multitask,
  title={Multitask learning},
  author={Caruana, Rich},
  journal={Machine learning},
  volume={28},
  pages={41--75},
  year={1997},
  publisher={Springer}
}

@inproceedings{bayramoglu2016deep,
  title={Deep learning for magnification independent breast cancer histopathology image classification},
  author={Bayramoglu, Neslihan and Kannala, Juho and Heikkil{\"a}, Janne},
  booktitle={2016 23rd International conference on pattern recognition (ICPR)},
  pages={2440--2445},
  year={2016},
  organization={IEEE}
}

@article{crawshaw2020multi,
  title={Multi-task learning with deep neural networks: A survey},
  author={Crawshaw, Michael},
  journal={arXiv preprint arXiv:2009.09796},
  year={2020}
}

@article{zhao2023multi,
  title={Multi-task deep learning for medical image computing and analysis: A review},
  author={Zhao, Yan and Wang, Xiuying and Che, Tongtong and Bao, Guoqing and Li, Shuyu},
  journal={Computers in Biology and Medicine},
  volume={153},
  pages={106496},
  year={2023},
  publisher={Elsevier}
}

@article{fan2022framework,
  title={A framework for deep multitask learning with multiparametric magnetic resonance imaging for the joint prediction of histological characteristics in breast cancer},
  author={Fan, Ming and Yuan, Chengcheng and Huang, Guangyao and Xu, Maosheng and Wang, Shiwei and Gao, Xin and Li, Lihua},
  journal={IEEE Journal of Biomedical and Health Informatics},
  volume={26},
  number={8},
  pages={3884--3895},
  year={2022},
  publisher={IEEE}
}

@article{wang2021bend,
  title={Bend-Net: bending loss regularized multitask learning network for nuclei segmentation in histopathology images},
  author={Wang, Haotian and Vakanski, Aleksandar and Shi, Changfa and Xian, Min},
  journal={arXiv preprint arXiv:2109.15283},
  year={2021}
}

@article{azarkhalili2019deepathology,
  title={DeePathology: deep multi-task learning for inferring molecular pathology from cancer transcriptome},
  author={Azarkhalili, Behrooz and Saberi, Ali and Chitsaz, Hamidreza and Sharifi-Zarchi, Ali},
  journal={Scientific reports},
  volume={9},
  number={1},
  pages={16526},
  year={2019},
  publisher={Nature Publishing Group UK London}
}

@article{yu2021large,
  title={Large-scale gastric cancer screening and localization using multi-task deep neural network},
  author={Yu, Hong and Zhang, Xiaofan and Song, Lingjun and Jiang, Liren and Huang, Xiaodi and Chen, Wen and Zhang, Chenbin and Li, Jiahui and Yang, Jiji and Hu, Zhiqiang and others},
  journal={Neurocomputing},
  volume={448},
  pages={290--300},
  year={2021},
  publisher={Elsevier}
}

@article{tan2022multi,
  title={A multi-modal fusion framework based on multi-task correlation learning for cancer prognosis prediction},
  author={Tan, Kaiwen and Huang, Weixian and Liu, Xiaofeng and Hu, Jinlong and Dong, Shoubin},
  journal={Artificial Intelligence in Medicine},
  volume={126},
  pages={102260},
  year={2022},
  publisher={Elsevier}
}

@article{li2020multi,
  title={Multi-task deep learning for fine-grained classification and grading in breast cancer histopathological images},
  author={Li, Lingqiao and Pan, Xipeng and Yang, Huihua and Liu, Zhenbing and He, Yubei and Li, Zhongming and Fan, Yongxian and Cao, Zhiwei and Zhang, Longhao},
  journal={Multimedia Tools and Applications},
  volume={79},
  pages={14509--14528},
  year={2020},
  publisher={Springer}
}


@article{graham2023one,
  title={One model is all you need: multi-task learning enables simultaneous histology image segmentation and classification},
  author={Graham, Simon and Vu, Quoc Dang and Jahanifar, Mostafa and Raza, Shan E Ahmed and Minhas, Fayyaz and Snead, David and Rajpoot, Nasir},
  journal={Medical Image Analysis},
  volume={83},
  pages={102685},
  year={2023},
  publisher={Elsevier}
}

@article{rezazadeh2023multi,
  title={Multi-task learning for gland segmentation},
  author={Rezazadeh, Iman and Duygulu, Pinar},
  journal={Signal, Image and Video Processing},
  volume={17},
  number={1},
  pages={1--9},
  year={2023},
  publisher={Springer}
}

@article{mormont2020multi,
  title={Multi-task pre-training of deep neural networks for digital pathology},
  author={Mormont, Romain and Geurts, Pierre and Mar{\'e}e, Rapha{\"e}l},
  journal={IEEE journal of biomedical and health informatics},
  volume={25},
  number={2},
  pages={412--421},
  year={2020},
  publisher={IEEE}
}

@article{dabass2022mtu,
  title={MTU: A multi-tasking U-net with hybrid convolutional learning and attention modules for cancer classification and gland Segmentation in Colon Histopathological Images},
  author={Dabass, Manju and Vashisth, Sharda and Vig, Rekha},
  journal={Computers in Biology and Medicine},
  volume={150},
  pages={106095},
  year={2022},
  publisher={Elsevier}
}

@inproceedings{mehta2018net,
  title={Y-Net: joint segmentation and classification for diagnosis of breast biopsy images},
  author={Mehta, Sachin and Mercan, Ezgi and Bartlett, Jamen and Weaver, Donald and Elmore, Joann G and Shapiro, Linda},
  booktitle={Medical Image Computing and Computer Assisted Intervention--MICCAI 2018: 21st International Conference, Granada, Spain, September 16-20, 2018, Proceedings, Part II 11},
  pages={893--901},
  year={2018},
  organization={Springer}
}

@inproceedings{deng2009imagenet,
  title={Imagenet: A large-scale hierarchical image database},
  author={Deng, Jia and Dong, Wei and Socher, Richard and Li, Li-Jia and Li, Kai and Fei-Fei, Li},
  booktitle={2009 IEEE conference on computer vision and pattern recognition},
  pages={248--255},
  year={2009},
  organization={Ieee}
}

@inproceedings{he2016deep,
  title={Deep residual learning for image recognition},
  author={He, Kaiming and Zhang, Xiangyu and Ren, Shaoqing and Sun, Jian},
  booktitle={Proceedings of the IEEE conference on computer vision and pattern recognition},
  pages={770--778},
  year={2016}
}

@inproceedings{huang2017densely,
  title={Densely connected convolutional networks},
  author={Huang, Gao and Liu, Zhuang and Van Der Maaten, Laurens and Weinberger, Kilian Q},
  booktitle={Proceedings of the IEEE conference on computer vision and pattern recognition},
  pages={4700--4708},
  year={2017}
}

@article{tan2021hierarchical,
  title={A hierarchical graph convolution network for representation learning of gene expression data},
  author={Tan, Kaiwen and Huang, Weixian and Liu, Xiaofeng and Hu, Jinlong and Dong, Shoubin},
  journal={IEEE Journal of Biomedical and Health Informatics},
  volume={25},
  number={8},
  pages={3219--3229},
  year={2021},
  publisher={IEEE}
}

@inproceedings{ronneberger2015u,
  title={U-net: Convolutional networks for biomedical image segmentation},
  author={Ronneberger, Olaf and Fischer, Philipp and Brox, Thomas},
  booktitle={Medical Image Computing and Computer-Assisted Intervention--MICCAI 2015: 18th International Conference, Munich, Germany, October 5-9, 2015, Proceedings, Part III 18},
  pages={234--241},
  year={2015},
  organization={Springer}
}

@inproceedings{chen2018encoder,
  title={Encoder-decoder with atrous separable convolution for semantic image segmentation},
  author={Chen, Liang-Chieh and Zhu, Yukun and Papandreou, George and Schroff, Florian and Adam, Hartwig},
  booktitle={Proceedings of the European conference on computer vision (ECCV)},
  pages={801--818},
  year={2018}
}

@inproceedings{lee2015deeply,
  title={Deeply-supervised nets},
  author={Lee, Chen-Yu and Xie, Saining and Gallagher, Patrick and Zhang, Zhengyou and Tu, Zhuowen},
  booktitle={Artificial intelligence and statistics},
  pages={562--570},
  year={2015},
  organization={Pmlr}
}

@inproceedings{yu2018deep,
  title={Deep layer aggregation},
  author={Yu, Fisher and Wang, Dequan and Shelhamer, Evan and Darrell, Trevor},
  booktitle={Proceedings of the IEEE conference on computer vision and pattern recognition},
  pages={2403--2412},
  year={2018}
}

@inproceedings{dai2017deformable,
  title={Deformable convolutional networks},
  author={Dai, Jifeng and Qi, Haozhi and Xiong, Yuwen and Li, Yi and Zhang, Guodong and Hu, Han and Wei, Yichen},
  booktitle={Proceedings of the IEEE international conference on computer vision},
  pages={764--773},
  year={2017}
}

@article{vaswani2017attention,
  title={Attention is all you need},
  author={Vaswani, Ashish and Shazeer, Noam and Parmar, Niki and Uszkoreit, Jakob and Jones, Llion and Gomez, Aidan N and Kaiser, {\L}ukasz and Polosukhin, Illia},
  journal={Advances in neural information processing systems},
  volume={30},
  year={2017}
}

@inproceedings{lin2017focal,
  title={Focal loss for dense object detection},
  author={Lin, Tsung-Yi and Goyal, Priya and Girshick, Ross and He, Kaiming and Doll{\'a}r, Piotr},
  booktitle={Proceedings of the IEEE international conference on computer vision},
  pages={2980--2988},
  year={2017}
}