@String(PAMI = {IEEE Trans. Pattern Anal. Mach. Intell.})
@String(IJCV = {Int. J. Comput. Vis.})
@String(CVPR= {IEEE Conf. Comput. Vis. Pattern Recog.})
@String(ICCV= {Int. Conf. Comput. Vis.})
@String(ECCV= {Eur. Conf. Comput. Vis.})
@String(NIPS= {Adv. Neural Inform. Process. Syst.})
@String(ICPR = {Int. Conf. Pattern Recog.})
@String(BMVC= {Brit. Mach. Vis. Conf.})
@String(TOG= {ACM Trans. Graph.})
@String(TIP  = {IEEE Trans. Image Process.})
@String(TVCG  = {IEEE Trans. Vis. Comput. Graph.})
@String(TMM  = {IEEE Trans. Multimedia})
@String(ACMMM= {ACM Int. Conf. Multimedia})
@String(ICME = {Int. Conf. Multimedia and Expo})
@String(ICASSP=	{ICASSP})
@String(ICIP = {IEEE Int. Conf. Image Process.})
@String(ACCV  = {ACCV})
@String(ICLR = {Int. Conf. Learn. Represent.})
@String(IJCAI = {IJCAI})
@String(PR   = {Pattern Recognition})
@String(AAAI = {AAAI})
@String(CVPRW= {IEEE Conf. Comput. Vis. Pattern Recog. Worksh.})
@String(CSVT = {IEEE Trans. Circuit Syst. Video Technol.})

@String(SPL	= {IEEE Sign. Process. Letters})
@String(VR   = {Vis. Res.})
@String(JOV	 = {J. Vis.})
@String(TVC  = {The Vis. Comput.})
@String(JCST  = {J. Comput. Sci. Tech.})
@String(CGF  = {Comput. Graph. Forum})
@String(CVM = {Computational Visual Media})


@String(PAMI  = {IEEE TPAMI})
@String(IJCV  = {IJCV})
@String(CVPR  = {CVPR})
@String(ICCV  = {ICCV})
@String(ECCV  = {ECCV})
@String(NIPS  = {NeurIPS})
@String(ICPR  = {ICPR})
@String(BMVC  =	{BMVC})
@String(TOG   = {ACM TOG})
@String(TIP   = {IEEE TIP})
@String(TVCG  = {IEEE TVCG})
@String(TCSVT = {IEEE TCSVT})
@String(TMM   =	{IEEE TMM})
@String(ACMMM = {ACM MM})
@String(ICME  =	{ICME})
@String(ICASSP=	{ICASSP})
@String(ICIP  = {ICIP})
@String(ACCV  = {ACCV})
@String(ICLR  = {ICLR})
@String(IJCAI = {IJCAI})
@String(PR = {PR})
@String(AAAI = {AAAI})
@String(CVPRW= {CVPRW})
@String(CSVT = {IEEE TCSVT})



This file was created with JabRef 2.0.1.
Encoding: Cp1252

@techreport{IEA2019,
  author = {International Energy Agency},
  title = {The Future of Rail},
  year = {2019},
  institution = {IEA, Paris},
  url = {https://www.iea.org/reports/the-future-of-rail},
  note = {License: CC BY 4.0}
}

@article{dalkic2017assessment,
  title={An assessment of the CO2 emissions reduction in high speed rail lines: Two case studies from Turkey},
  author={Dalkic, Gulcin and Balaban, Osman and Tuydes-Yaman, Hediye and Celikkol-Kocak, T{\"u}may},
  journal={Journal of Cleaner Production},
  volume={165},
  pages={746--761},
  year={2017},
  publisher={Elsevier}
}

@article{bevsinovic2021artificial,
  title={Artificial Intelligence in Railway Transport: Taxonomy, Regulations, and Applications},
  author={Be{\v{s}}inovi{\'c}, Nikola and De Donato, Lorenzo and Flammini, Francesco and Goverde, Rob MP and Lin, Zhiyuan and Liu, Ronghui and Marrone, Stefano and Nardone, Roberto and Tang, Tianli and Vittorini, Valeria},
  journal={IEEE Transactions on Intelligent Transportation Systems},
  volume={23},
  number={9},
  pages={14011--14024},
  year={2021},
  publisher={IEEE}
}

@article{tang2022literature,
  title={A literature review of Artificial Intelligence applications in railway systems},
  author={Tang, Ruifan and De Donato, Lorenzo and Besinovi{\'c}, Nikola and Flammini, Francesco and Goverde, Rob MP and Lin, Zhiyuan and Liu, Ronghui and Tang, Tianli and Vittorini, Valeria and Wang, Ziyulong},
  journal={Transportation Research Part C: Emerging Technologies},
  volume={140},
  pages={103679},
  year={2022},
  publisher={Elsevier}
}

@article{bochkovskiy2020yolov4,
  title={Yolov4: Optimal speed and accuracy of object detection},
  author={Bochkovskiy, Alexey and Wang, Chien-Yao and Liao, Hong-Yuan Mark},
  journal={arXiv preprint arXiv:2004.10934},
  year={2020}
}

@inproceedings{belyaev2020railroad,
  title={Railroad semantic segmentation on high-resolution images},
  author={Belyaev, Sergey and Popov, Igor and Shubnikov, Vladislav and Popov, Pavel and Boltenkova, Ekaterina and Savchuk, Daniil},
  booktitle={2020 IEEE 23rd International Conference on Intelligent Transportation Systems (ITSC)},
  pages={1--6},
  year={2020},
  organization={IEEE}
}

@article{alexandrescu2022dynamic,
  title={A dynamic approach for railway segmentation},
  author={Alexandrescu, Andrei-Robert and Manole, Alexandru},
  journal={Studia Universitatis Babes-Bolyai, Informatica},
  volume={67},
  number={1},
  year={2022}
}

@inproceedings{zendel2019railsem19,
  title={Railsem19: A dataset for semantic rail scene understanding},
  author={Zendel, Oliver and Murschitz, Markus and Zeilinger, Marcel and Steininger, Daniel and Abbasi, Sara and Beleznai, Csaba},
  booktitle={Proceedings of the IEEE/CVF Conference on Computer Vision and Pattern Recognition Workshops},
  pages={32--40},
  year={2019}
}

@inproceedings{jahan2021deep,
  title={Deep Neural Networks for Railway Switch Detection and Classification Using Onboard Camera Images},
  author={Jahan, Kanwal and Niemeijer, Joshua and Kornfeld, Nils and Roth, Michael},
  booktitle={2021 IEEE Symposium Series on Computational Intelligence (SSCI)},
  pages={01--07},
  year={2021},
  organization={IEEE}
}

@inproceedings{lin2017focal,
  title={Focal loss for dense object detection},
  author={Lin, Tsung-Yi and Goyal, Priya and Girshick, Ross and He, Kaiming and Doll{\'a}r, Piotr},
  booktitle={Proceedings of the IEEE international conference on computer vision},
  pages={2980--2988},
  year={2017}
}

@conference{switch_classification,
author={Andrei{-}Robert Alexandrescu. and Alexandru Manole. and Laura Dio\cb{s}an.},
title={Railway Switch Classification Using Deep Neural Networks},
booktitle={Proceedings of the 18th International Joint Conference on Computer Vision, Imaging and Computer Graphics Theory and Applications (VISIGRAPP 2023) - Volume 4: VISAPP},
year={2023},
pages={769-776},
publisher={SciTePress},
organization={INSTICC},
doi={10.5220/0011611600003417},
isbn={978-989-758-634-7},
issn={2184-4321},
}

@misc{glenn_jocher_2020_4154370,
  author = {Jocher, Glenn},
  title = {{YOLOv5}},
  year = {2023},
  publisher    = {Zenodo},
  version      = {v3.1},
  doi          = {10.5281/zenodo.4154370},
  url          = {https://doi.org/10.5281/zenodo.4154370},
  howpublished = {\url{https://github.com/ultralytics/yolov5/tree/v3.1}}
}

@inproceedings{shrivastava2016training,
  title={Training region-based object detectors with online hard example mining},
  author={Shrivastava, Abhinav and Gupta, Abhinav and Girshick, Ross},
  booktitle={Proceedings of the IEEE conference on computer vision and pattern recognition},
  pages={761--769},
  year={2016}
}

@inproceedings{ronneberger2015u,
  title={U-net: Convolutional networks for biomedical image segmentation},
  author={Ronneberger, Olaf and Fischer, Philipp and Brox, Thomas},
  booktitle={International Conference on Medical image computing and computer-assisted intervention},
  pages={234--241},
  year={2015},
  organization={Springer}
}

@article{zhang2018road,
 
  title={Road extraction by deep residual u-net},
  author={Zhang, Zhengxin and Liu, Qingjie and Wang, Yunhong},
  journal={IEEE Geoscience and Remote Sensing Letters},
  volume={15},
  number={5},
  pages={749--753},
  year={2018},
  publisher={IEEE}
}

@inproceedings{jha2019resunet_plus_plus,
  title={{ResUNet++}: An advanced architecture for medical image segmentation},
  author={Jha, Debesh and Smedsrud, Pia H and Riegler, Michael A and Johansen, Dag and De Lange, Thomas and Halvorsen, P{\aa}l and Johansen, H{\aa}vard D},
  booktitle={2019 IEEE International Symposium on Multimedia (ISM)},
  pages={225--2255},
  year={2019},
  organization={IEEE}
}

@inproceedings{deng2009imagenet,
  title={Imagenet: A large-scale hierarchical image database},
  author={Deng, Jia and Dong, Wei and Socher, Richard and Li, Li-Jia and Li, Kai and Fei-Fei, Li},
  booktitle={2009 IEEE conference on computer vision and pattern recognition},
  pages={248--255},
  year={2009},
  organization={Ieee}
}

@article{wang2019railnet,
  title={RailNet: A segmentation network for railroad detection},
  author={Wang, Yin and Wang, Lide and Hu, Yu Hen and Qiu, Ji},
  journal={IEEE Access},
  volume={7},
  pages={143772--143779},
  year={2019},
  publisher={IEEE}
}

@inproceedings{liu2016ssd,
  title={Ssd: Single shot multibox detector},
  author={Liu, Wei and Anguelov, Dragomir and Erhan, Dumitru and Szegedy, Christian and Reed, Scott and Fu, Cheng-Yang and Berg, Alexander C},
  booktitle={European conference on computer vision},
  pages={21--37},
  year={2016},
  organization={Springer}
}

@inproceedings{he2016deep,
  title={Deep residual learning for image recognition},
  author={He, Kaiming and Zhang, Xiangyu and Ren, Shaoqing and Sun, Jian},
  booktitle={Proceedings of the IEEE conference on computer vision and pattern recognition},
  pages={770--778},
  year={2016}
}

@inproceedings{law2018cornernet,
  title={Cornernet: Detecting objects as paired keypoints},
  author={Law, Hei and Deng, Jia},
  booktitle={Proceedings of the European conference on computer vision (ECCV)},
  pages={734--750},
  year={2018}
}

@inproceedings{duan2019centernet,
  title={Centernet: Keypoint triplets for object detection},
  author={Duan, Kaiwen and Bai, Song and Xie, Lingxi and Qi, Honggang and Huang, Qingming and Tian, Qi},
  booktitle={Proceedings of the IEEE/CVF International Conference on Computer Vision},
  pages={6569--6578},
  year={2019}
}

@article{tacstimur2016vision,
  title={A vision based condition monitoring approach for rail switch and level crossing using hierarchical SVM in railways},
  author={Ta{\c{s}}timur, Canan and Karak{\"o}se, Mehmet and Erhan, AKIN},
  journal={International Journal of Applied Mathematics Electronics and Computers},
  number={Special Issue-1},
  pages={319--325},
  year={2016}
}

@article{hamadache2019fault,
  title={On the fault detection and diagnosis of railway switch and crossing systems: an overview},
  author={Hamadache, Moussa and Dutta, Saikat and Olaby, Osama and Ambur, Ramakrishnan and Stewart, Edward and Dixon, Roger},
  journal={Applied Sciences},
  volume={9},
  number={23},
  pages={5129},
  year={2019},
  publisher={Multidisciplinary Digital Publishing Institute}
}

@article{tao2021accurate,
  title={Accurate and Lightweight RailNet for Real-Time Rail Line Detection},
  author={Tao, Zhen and Ren, Shiwei and Shi, Yueting and Wang, Xiaohua and Wang, Weijiang},
  journal={Electronics},
  volume={10},
  number={16},
  pages={2038},
  year={2021},
  publisher={Multidisciplinary Digital Publishing Institute}
}

@article{gong2021enhanced,
  title={Enhanced Few-Shot Learning for Intrusion Detection in Railway Video Surveillance},
  author={Gong, Xiao and Chen, Xi and Zhong, Zhangdui and Chen, Wei},
  journal={IEEE Transactions on Intelligent Transportation Systems},
  year={2021},
  publisher={IEEE}
}

@inproceedings{pohlen2017full,
  title={Full-resolution residual networks for semantic segmentation in street scenes},
  author={Pohlen, Tobias and Hermans, Alexander and Mathias, Markus and Leibe, Bastian},
  booktitle={Proceedings of the IEEE Conference on Computer Vision and Pattern Recognition},
  pages={4151--4160},
  year={2017}
}

@inproceedings{jadon2020survey,
  title={A survey of loss functions for semantic segmentation},
  author={Jadon, Shruti},
  booktitle={2020 IEEE Conference on Computational Intelligence in Bioinformatics and Computational Biology (CIBCB)},
  pages={1--7},
  year={2020},
  organization={IEEE}
}

@article{sifre2014rigid,
  title={Rigid-motion scattering for texture classification},
  author={Sifre, L and Mallat, St{\'e}phane},
  journal={Phd. Thesis},
  year={2014}
}

@inproceedings{huang2017densely,
  title={Densely connected convolutional networks},
  author={Huang, Gao and Liu, Zhuang and Van Der Maaten, Laurens and Weinberger, Kilian Q},
  booktitle={Proceedings of the IEEE conference on computer vision and pattern recognition},
  pages={4700--4708},
  year={2017}
}

@article{russakovsky2015imagenet,
  title={Imagenet large scale visual recognition challenge},
  author={Russakovsky, Olga and Deng, Jia and Su, Hao and Krause, Jonathan and Satheesh, Sanjeev and Ma, Sean and Huang, Zhiheng and Karpathy, Andrej and Khosla, Aditya and Bernstein, Michael and others},
  journal={International journal of computer vision},
  volume={115},
  number={3},
  pages={211--252},
  year={2015},
  publisher={Springer}
}

@inproceedings{abraham2019novel,
  title={A novel focal tversky loss function with improved attention u-net for lesion segmentation},
  author={Abraham, Nabila and Khan, Naimul Mefraz},
  booktitle={2019 IEEE 16th International Symposium on Biomedical Imaging (ISBI 2019)},
  pages={683--687},
  year={2019},
  organization={IEEE}
}

@article{tversky1977features,
  title={Features of similarity.},
  author={Tversky, Amos},
  journal={Psychological review},
  volume={84},
  number={4},
  pages={327},
  year={1977},
  publisher={American Psychological Association}
}

@article{bufnea2016babes,
  title={Babes-Bolyai University’s High Performance Computing Center},
  author={Bufnea, DARIUS and NICULESCU, VIRGINIA and SILAGHI, GHEORGHE and STERCA, ADRIAN},
  journal={Studia Universitatis Babes-Bolyai, Informatica Series},
  volume={61},
  number={2},
  pages={54--69},
  year={2016}
}

@article{dice1945measures,
  title={Measures of the amount of ecologic association between species},
  author={Dice, Lee R},
  journal={Ecology},
  volume={26},
  number={3},
  pages={297--302},
  year={1945},
  publisher={JSTOR}
}

@inproceedings{li2020railnet,
  title={RailNet: An Information Aggregation Network for Rail Track Segmentation},
  author={Li, Haoran and Zhang, Qichao and Zhao, Dongbin and Chen, Yaran},
  booktitle={2020 International Joint Conference on Neural Networks (IJCNN)},
  pages={1--7},
  year={2020},
  organization={IEEE}
}

@InProceedings{simonyan2015,
  author       = "Karen Simonyan and Andrew Zisserman",
  title        = "Very Deep Convolutional Networks for Large-Scale Image Recognition",
  booktitle    = "International Conference on Learning Representations",
  year         = "2015",
}

@inproceedings{hu2018squeeze,
  title={Squeeze-and-excitation networks},
  author={Hu, Jie and Shen, Li and Sun, Gang},
  booktitle={Proceedings of the IEEE conference on computer vision and pattern recognition},
  pages={7132--7141},
  year={2018}
}

@article{chen2017deeplab,
  title={Deeplab: Semantic image segmentation with deep convolutional nets, atrous convolution, and fully connected crfs},
  author={Chen, Liang-Chieh and Papandreou, George and Kokkinos, Iasonas and Murphy, Kevin and Yuille, Alan L},
  journal={IEEE transactions on pattern analysis and machine intelligence},
  volume={40},
  number={4},
  pages={834--848},
  year={2017},
  publisher={IEEE}
}

@inproceedings{woo2018cbam,
  title={Cbam: Convolutional block attention module},
  author={Woo, Sanghyun and Park, Jongchan and Lee, Joon-Young and Kweon, In So},
  booktitle={Proceedings of the European conference on computer vision (ECCV)},
  pages={3--19},
  year={2018}
}

@article{krizhevsky2012imagenet,
  title={Imagenet classification with deep convolutional neural networks},
  author={Krizhevsky, Alex and Sutskever, Ilya and Hinton, Geoffrey E},
  journal={Advances in neural information processing systems},
  volume={25},
  pages={1097--1105},
  year={2012}
}

@article{krizhevsky2009learning,
  title={Learning multiple layers of features from tiny images},
  author={Krizhevsky, Alex and Hinton, Geoffrey and others},
  year={2009},
  publisher={Citeseer}
}

@book{szeliski2010computer,
  title={Computer vision: algorithms and applications},
  author={Szeliski, Richard},
  year={2010},
  publisher={Springer Science \& Business Media}
}

@article{kingma2014adam,
  title={Adam: A method for stochastic optimization},
  author={Kingma, Diederik P and Ba, Jimmy},
  journal={arXiv preprint arXiv:1412.6980},
  year={2014}
}

@article{srivastava2014dropout,
  title={Dropout: a simple way to prevent neural networks from overfitting},
  author={Srivastava, Nitish and Hinton, Geoffrey and Krizhevsky, Alex and Sutskever, Ilya and Salakhutdinov, Ruslan},
  journal={The journal of machine learning research},
  volume={15},
  number={1},
  pages={1929--1958},
  year={2014},
  publisher={JMLR. org}
}

@inproceedings{lin2017feature,
  title={Feature pyramid networks for object detection},
  author={Lin, Tsung-Yi and Doll{\'a}r, Piotr and Girshick, Ross and He, Kaiming and Hariharan, Bharath and Belongie, Serge},
  booktitle={Proceedings of the IEEE conference on computer vision and pattern recognition},
  pages={2117--2125},
  year={2017}
}

@article{comaniciu2002mean,
  title={Mean shift: A robust approach toward feature space analysis},
  author={Comaniciu, Dorin and Meer, Peter},
  journal={IEEE Transactions on pattern analysis and machine intelligence},
  volume={24},
  number={5},
  pages={603--619},
  year={2002},
  publisher={IEEE}
}

@article{felzenszwalb2004efficient,
  title={Efficient graph-based image segmentation},
  author={Felzenszwalb, Pedro F and Huttenlocher, Daniel P},
  journal={International journal of computer vision},
  volume={59},
  number={2},
  pages={167--181},
  year={2004},
  publisher={Springer}
}

@article{shi2000normalized,
  title={Normalized cuts and image segmentation},
  author={Shi, Jianbo and Malik, Jitendra},
  journal={IEEE Transactions on pattern analysis and machine intelligence},
  volume={22},
  number={8},
  pages={888--905},
  year={2000},
  publisher={Ieee}
}

@article{shotton2009textonboost,
  title={Textonboost for image understanding: Multi-class object recognition and segmentation by jointly modeling texture, layout, and context},
  author={Shotton, Jamie and Winn, John and Rother, Carsten and Criminisi, Antonio},
  journal={International journal of computer vision},
  volume={81},
  number={1},
  pages={2--23},
  year={2009},
  publisher={Springer}
}

@article{malik2001contour,
  title={Contour and texture analysis for image segmentation},
  author={Malik, Jitendra and Belongie, Serge and Leung, Thomas and Shi, Jianbo},
  journal={International journal of computer vision},
  volume={43},
  number={1},
  pages={7--27},
  year={2001},
  publisher={Springer}
}

@article{everingham2015pascal,
  title={The pascal visual object classes challenge: A retrospective},
  author={Everingham, Mark and Eslami, SM Ali and Van Gool, Luc and Williams, Christopher KI and Winn, John and Zisserman, Andrew},
  journal={International journal of computer vision},
  volume={111},
  number={1},
  pages={98--136},
  year={2015},
  publisher={Springer}
}

@article{yang2002detecting,
  title={Detecting faces in images: A survey},
  author={Yang, Ming-Hsuan and Kriegman, David J and Ahuja, Narendra},
  journal={IEEE Transactions on pattern analysis and machine intelligence},
  volume={24},
  number={1},
  pages={34--58},
  year={2002},
  publisher={IEEE}
}

@article{viola2004robust,
  title={Robust real-time face detection},
  author={Viola, Paul and Jones, Michael J},
  journal={International journal of computer vision},
  volume={57},
  number={2},
  pages={137--154},
  year={2004},
  publisher={Springer}
}

@inproceedings{dalal2005histograms,
  title={Histograms of oriented gradients for human detection},
  author={Dalal, Navneet and Triggs, Bill},
  booktitle={2005 IEEE computer society conference on computer vision and pattern recognition (CVPR'05)},
  volume={1},
  pages={886--893},
  year={2005},
  organization={Ieee}
}

@inproceedings{lin2014microsoft,
  title={Microsoft coco: Common objects in context},
  author={Lin, Tsung-Yi and Maire, Michael and Belongie, Serge and Hays, James and Perona, Pietro and Ramanan, Deva and Doll{\'a}r, Piotr and Zitnick, C Lawrence},
  booktitle={European conference on computer vision},
  pages={740--755},
  year={2014},
  organization={Springer}
}

@inproceedings{girshick2014rich,
  title={Rich feature hierarchies for accurate object detection and semantic segmentation},
  author={Girshick, Ross and Donahue, Jeff and Darrell, Trevor and Malik, Jitendra},
  booktitle={Proceedings of the IEEE conference on computer vision and pattern recognition},
  pages={580--587},
  year={2014}
}

@inproceedings{girshick2015fast,
  title={Fast {R-CNN}},
  author={Girshick, Ross},
  booktitle={Proceedings of the IEEE international conference on computer vision},
  pages={1440--1448},
  year={2015}
}

@article{ren2015faster,
  title={Faster r-cnn: Towards real-time object detection with region proposal networks},
  author={Ren, Shaoqing and He, Kaiming and Girshick, Ross and Sun, Jian},
  journal={Advances in neural information processing systems},
  volume={28},
  pages={91--99},
  year={2015}
}

@inproceedings{carion2020end,
  title={End-to-end object detection with transformers},
  author={Carion, Nicolas and Massa, Francisco and Synnaeve, Gabriel and Usunier, Nicolas and Kirillov, Alexander and Zagoruyko, Sergey},
  booktitle={European Conference on Computer Vision},
  pages={213--229},
  year={2020},
  organization={Springer}
}

@inproceedings{redmon2016you,
  title={You only look once: Unified, real-time object detection},
  author={Redmon, Joseph and Divvala, Santosh and Girshick, Ross and Farhadi, Ali},
  booktitle={Proceedings of the IEEE conference on computer vision and pattern recognition},
  pages={779--788},
  year={2016}
}

@inproceedings{redmon2017yolo9000,
  title={YOLO9000: better, faster, stronger},
  author={Redmon, Joseph and Farhadi, Ali},
  booktitle={Proceedings of the IEEE conference on computer vision and pattern recognition},
  pages={7263--7271},
  year={2017}
}

@article{redmon2018yolov3,
  title={Yolov3: An incremental improvement},
  author={Redmon, Joseph and Farhadi, Ali},
  journal={arXiv preprint arXiv:1804.02767},
  year={2018}
}

@article{kuznetsova2020open,
  title={The open images dataset v4},
  author={Kuznetsova, Alina and Rom, Hassan and Alldrin, Neil and Uijlings, Jasper and Krasin, Ivan and Pont-Tuset, Jordi and Kamali, Shahab and Popov, Stefan and Malloci, Matteo and Kolesnikov, Alexander and others},
  journal={International Journal of Computer Vision},
  volume={128},
  number={7},
  pages={1956--1981},
  year={2020},
  publisher={Springer}
}

@inproceedings{gupta2019lvis,
  title={LVIS: A dataset for large vocabulary instance segmentation},
  author={Gupta, Agrim and Dollar, Piotr and Girshick, Ross},
  booktitle={Proceedings of the IEEE/CVF Conference on Computer Vision and Pattern Recognition},
  pages={5356--5364},
  year={2019}
}

@article{canny1986computational,
  title={A computational approach to edge detection},
  author={Canny, John},
  journal={IEEE Transactions on pattern analysis and machine intelligence},
  number={6},
  pages={679--698},
  year={1986},
  publisher={Ieee}
}

@article{duda1972use,
  title={Use of the Hough transformation to detect lines and curves in pictures},
  author={Duda, Richard O and Hart, Peter E},
  journal={Communications of the ACM},
  volume={15},
  number={1},
  pages={11--15},
  year={1972},
  publisher={ACM New York, NY, USA}
}

@article{bentley1979algorithms,
  title={Algorithms for reporting and counting geometric intersections},
  author={Bentley, Jon Louis and Ottmann, Thomas A},
  journal={IEEE Transactions on computers},
  volume={28},
  number={09},
  pages={643--647},
  year={1979},
  publisher={IEEE Computer Society}
}

@article{silverman1989fix,
  title={E. fix and jl hodges (1951): An important contribution to nonparametric discriminant analysis and density estimation: Commentary on fix and hodges (1951)},
  author={Silverman, Bernard W and Jones, M Christopher},
  journal={International Statistical Review/Revue Internationale de Statistique},
  pages={233--238},
  year={1989},
  publisher={JSTOR}
}

@article{rumelhart1986learning,
  title={Learning representations by back-propagating errors},
  author={Rumelhart, David E and Hinton, Geoffrey E and Williams, Ronald J},
  journal={nature},
  volume={323},
  number={6088},
  pages={533--536},
  year={1986},
  publisher={Nature Publishing Group}
}

@inproceedings{nesterov1983method,
  title={A method for solving the convex programming problem with convergence rate O (1/k\^{} 2)},
  author={Nesterov, Yurii E},
  booktitle={Dokl. akad. nauk Sssr},
  volume={269},
  pages={543--547},
  year={1983}
}

@incollection{bengio2012practical,
  title={Practical recommendations for gradient-based training of deep architectures},
  author={Bengio, Yoshua},
  booktitle={Neural networks: Tricks of the trade},
  pages={437--478},
  year={2012},
  publisher={Springer}
}

@article{jaccard1912distribution,
  title={The distribution of the flora in the alpine zone. 1},
  author={Jaccard, Paul},
  journal={New phytologist},
  volume={11},
  number={2},
  pages={37--50},
  year={1912},
  publisher={Wiley Online Library}
}

@inproceedings{ioffe2015batch,
  title={Batch normalization: Accelerating deep network training by reducing internal covariate shift},
  author={Ioffe, Sergey and Szegedy, Christian},
  booktitle={International conference on machine learning},
  pages={448--456},
  year={2015},
  organization={PMLR}
}

@article{hanley1982meaning,
  title={The meaning and use of the area under a receiver operating characteristic (ROC) curve.},
  author={Hanley, James A and McNeil, Barbara J},
  journal={Radiology},
  volume={143},
  number={1},
  pages={29--36},
  year={1982}
}

@article{agarap2018deep,
  title={Deep learning using rectified linear units (relu)},
  author={Agarap, Abien Fred},
  journal={arXiv preprint arXiv:1803.08375},
  year={2018}
}

@article{karakose2016detection,
  title={Detection of rail switch passages through image processing on railway line and use of condition-monitoring approach},
  author={Karako{\"o}se, Mehmet and Ak{\i}n, Erhan and Yaman, Orhan},
 booktitle={Conference: International Conference on Advanced Technology & Sciences (ICAT'16)},
  pages={99--105},
  year={2016},
  year={2016}
}

@incollection{good1992rational,
  title={Rational decisions},
  author={Good, Irving John},
  booktitle={Breakthroughs in statistics},
  pages={365--377},
  year={1992},
  publisher={Springer}
}

@article{kolavrik2019optimized,
  title={Optimized high resolution 3D dense-U-Net network for brain and spine segmentation},
  author={Kola{\v{r}}{\'\i}k, Martin and Burget, Radim and Uher, V{\'a}clav and {\v{R}}{\'\i}ha, Kamil and Dutta, Malay Kishore},
  journal={Applied Sciences},
  volume={9},
  number={3},
  pages={404},
  year={2019},
  publisher={Multidisciplinary Digital Publishing Institute}
}

@article{augustauskas2021segmentation,
  title={Segmentation of Drilled Holes in Texture Wooden Furniture Panels Using Deep Neural Network},
  author={Augustauskas, Rytis and Lipnickas, Ar{\=u}nas and Surgailis, Tadas},
  journal={Sensors},
  volume={21},
  number={11},
  pages={3633},
  year={2021},
  publisher={Multidisciplinary Digital Publishing Institute}
}

@article{smith1981bilinear,
  title={Bilinear interpolation of digital images},
  author={Smith, PR},
  journal={Ultramicroscopy},
  volume={6},
  number={2},
  pages={201--204},
  year={1981},
  publisher={Elsevier}
}

@article{yao2020video,
  title={Video object segmentation and tracking: A survey},
  author={Yao, Rui and Lin, Guosheng and Xia, Shixiong and Zhao, Jiaqi and Zhou, Yong},
  journal={ACM Transactions on Intelligent Systems and Technology (TIST)},
  volume={11},
  number={4},
  pages={1--47},
  year={2020},
  publisher={ACM New York, NY, USA}
}

@article{growitsch2009testing,
  title={Testing for economies of scope in European railways: an efficiency analysis},
  author={Growitsch, Christian and Wetzel, Heike},
  journal={Journal of Transport Economics and Policy (JTEP)},
  volume={43},
  number={1},
  pages={1--24},
  year={2009},
  publisher={Journal of Transport Economics and Policy}
}

@inproceedings{jahan2021anomaly,
  title={Anomaly Detection on the Rail Lines Using Semantic Segmentation and Self-supervised Learning},
  author={Jahan, Kanwal and Umesh, Jeethesh Pai and Roth, Michael},
  booktitle={2021 IEEE Symposium Series on Computational Intelligence (SSCI)},
  pages={1--7},
  year={2021},
  organization={IEEE}
}

@article{douglas1973algorithms,
  title={Algorithms for the reduction of the number of points required to represent a digitized line or its caricature},
  author={Douglas, David H and Peucker, Thomas K},
  journal={Cartographica: the international journal for geographic information and geovisualization},
  volume={10},
  number={2},
  pages={112--122},
  year={1973},
  publisher={University of Toronto Press}
}

% @article{vaswani2017attention,
%   title={Attention is all you need},
%   author={Vaswani, Ashish and Shazeer, Noam and Parmar, Niki and Uszkoreit, Jakob and Jones, Llion and Gomez, Aidan N and Kaiser, {\L}ukasz and Polosukhin, Illia},
%   journal={Advances in neural information processing systems},
%   volume={30},
%   year={2017}
% }

@inproceedings{vaswani2017attention,
 author = {Vaswani, Ashish and Shazeer, Noam and Parmar, Niki and Uszkoreit, Jakob and Jones, Llion and Gomez, Aidan N and Kaiser, \L ukasz and Polosukhin, Illia},
 booktitle = {Advances in Neural Information Processing Systems},
 editor = {I. Guyon and U. Von Luxburg and S. Bengio and H. Wallach and R. Fergus and S. Vishwanathan and R. Garnett},
 pages = {5998--6008},
 publisher = {Curran Associates, Inc.},
 title = {Attention is All you Need},
 volume = {30},
 year = {2017}
}

@inproceedings{salehi2017tversky,
  title={Tversky loss function for image segmentation using 3D fully convolutional deep networks},
  author={Salehi, Seyed Sadegh Mohseni and Erdogmus, Deniz and Gholipour, Ali},
  booktitle={International workshop on machine learning in medical imaging},
  pages={379--387},
  year={2017},
  organization={Springer}
}

@inproceedings{bolya2019yolact,
  title={Yolact: Real-time instance segmentation},
  author={Bolya, Daniel and Zhou, Chong and Xiao, Fanyi and Lee, Yong Jae},
  booktitle={Proceedings of the IEEE/CVF international conference on computer vision},
  pages={9157--9166},
  year={2019}
}

@inproceedings{cordts2016cityscapes,
  title={The cityscapes dataset for semantic urban scene understanding},
  author={Cordts, Marius and Omran, Mohamed and Ramos, Sebastian and Rehfeld, Timo and Enzweiler, Markus and Benenson, Rodrigo and Franke, Uwe and Roth, Stefan and Schiele, Bernt},
  booktitle={Proceedings of the IEEE conference on computer vision and pattern recognition},
  pages={3213--3223},
  year={2016}
}

@article{katar2022automated,
  title={Automated Semantic Segmentation for Autonomous Railway Vehicles},
  author={Katar, O{\u{g}}uzhan and Duman, Erkan},
  journal={Tehni{\v{c}}ki glasnik},
  volume={16},
  number={4},
  pages={484--490},
  year={2022},
  publisher={Sveu{\v{c}}ili{\v{s}}te Sjever}
}

@article{opencv_library,
    author = {Bradski, G.},
    citeulike-article-id = {2236121},
    journal = {Dr. Dobb's Journal of Software Tools},
    keywords = {bibtex-import},
    posted-at = {2008-01-15 19:21:54},
    priority = {4},
    title = {{The OpenCV Library}},
    year = {2000}
}

@article{elfwing2018sigmoid,
  title={Sigmoid-weighted linear units for neural network function approximation in reinforcement learning},
  author={Elfwing, Stefan and Uchibe, Eiji and Doya, Kenji},
  journal={Neural networks},
  volume={107},
  pages={3--11},
  year={2018},
  publisher={Elsevier}
}

@inproceedings{wang2020cspnet,
  title={CSPNet: A new backbone that can enhance learning capability of CNN},
  author={Wang, Chien-Yao and Liao, Hong-Yuan Mark and Wu, Yueh-Hua and Chen, Ping-Yang and Hsieh, Jun-Wei and Yeh, I-Hau},
  booktitle={Proceedings of the IEEE/CVF conference on computer vision and pattern recognition workshops},
  pages={390--391},
  year={2020}
}

@InProceedings{hezhang2015spp,
author="He, Kaiming
and Zhang, Xiangyu
and Ren, Shaoqing
and Sun, Jian",
editor="Fleet, David
and Pajdla, Tomas
and Schiele, Bernt
and Tuytelaars, Tinne",
title="Spatial Pyramid Pooling in Deep Convolutional Networks for Visual Recognition",
booktitle="Computer Vision -- ECCV 2014",
year="2014",
publisher="Springer International Publishing",
address="Cham",
pages="346--361",
abstract="Existing deep convolutional neural networks (CNNs) require a fixed-size (e.g. 224{\texttimes}224) input image. This requirement is ``artificial'' and may hurt the recognition accuracy for the images or sub-images of an arbitrary size/scale. In this work, we equip the networks with a more principled pooling strategy, ``spatial pyramid pooling'', to eliminate the above requirement. The new network structure, called SPP-net, can generate a fixed-length representation regardless of image size/scale. By removing the fixed-size limitation, we can improve all CNN-based image classification methods in general. Our SPP-net achieves state-of-the-art accuracy on the datasets of ImageNet 2012, Pascal VOC 2007, and Caltech101.",
isbn="978-3-319-10578-9"
}

@article{simonyan2014very,
  title={Very deep convolutional networks for large-scale image recognition},
  author={Simonyan, Karen and Zisserman, Andrew},
  journal={arXiv preprint arXiv:1409.1556},
  year={2014}
}

@inproceedings{howard2019searching,
  title={Searching for mobilenetv3},
  author={Howard, Andrew and Sandler, Mark and Chu, Grace and Chen, Liang-Chieh and Chen, Bo and Tan, Mingxing and Wang, Weijun and Zhu, Yukun and Pang, Ruoming and Vasudevan, Vijay and others},
  booktitle={Proceedings of the IEEE/CVF international conference on computer vision},
  pages={1314--1324},
  year={2019}
}