@article{lecun2015deep,
  title={Deep learning},
  author={LeCun, Yann and Bengio, Yoshua and Hinton, Geoffrey},
  journal={nature},
  volume={521},
  number={7553},
  pages={436--444},
  year={2015},
  publisher={Nature Publishing Group UK London}
}

@article{caruana1997multitask,
  title={Multitask learning},
  author={Caruana, Rich},
  journal={Machine learning},
  volume={28},
  pages={41--75},
  year={1997},
  publisher={Springer}
}

@inproceedings{bayramoglu2016deep,
  title={Deep learning for magnification independent breast cancer histopathology image classification},
  author={Bayramoglu, Neslihan and Kannala, Juho and Heikkil{\"a}, Janne},
  booktitle={2016 23rd International conference on pattern recognition (ICPR)},
  pages={2440--2445},
  year={2016},
  organization={IEEE}
}

@article{crawshaw2020multi,
  title={Multi-task learning with deep neural networks: A survey},
  author={Crawshaw, Michael},
  journal={arXiv preprint arXiv:2009.09796},
  year={2020}
}

@article{zhao2023multi,
  title={Multi-task deep learning for medical image computing and analysis: A review},
  author={Zhao, Yan and Wang, Xiuying and Che, Tongtong and Bao, Guoqing and Li, Shuyu},
  journal={Computers in Biology and Medicine},
  volume={153},
  pages={106496},
  year={2023},
  publisher={Elsevier}
}

@article{fan2022framework,
  title={A framework for deep multitask learning with multiparametric magnetic resonance imaging for the joint prediction of histological characteristics in breast cancer},
  author={Fan, Ming and Yuan, Chengcheng and Huang, Guangyao and Xu, Maosheng and Wang, Shiwei and Gao, Xin and Li, Lihua},
  journal={IEEE Journal of Biomedical and Health Informatics},
  volume={26},
  number={8},
  pages={3884--3895},
  year={2022},
  publisher={IEEE}
}

@article{wang2021bend,
  title={Bend-Net: bending loss regularized multitask learning network for nuclei segmentation in histopathology images},
  author={Wang, Haotian and Vakanski, Aleksandar and Shi, Changfa and Xian, Min},
  journal={Information},
  volume={15},
  number={7},
  pages={417},
  year={2024},
  publisher={MDPI}
}

@article{azarkhalili2019deepathology,
  title={DeePathology: deep multi-task learning for inferring molecular pathology from cancer transcriptome},
  author={Azarkhalili, Behrooz and Saberi, Ali and Chitsaz, Hamidreza and Sharifi-Zarchi, Ali},
  journal={Scientific reports},
  volume={9},
  number={1},
  pages={16526},
  year={2019},
  publisher={Nature Publishing Group UK London}
}

@article{yu2021large,
  title={Large-scale gastric cancer screening and localization using multi-task deep neural network},
  author={Yu, Hong and Zhang, Xiaofan and Song, Lingjun and Jiang, Liren and Huang, Xiaodi and Chen, Wen and Zhang, Chenbin and Li, Jiahui and Yang, Jiji and Hu, Zhiqiang and others},
  journal={Neurocomputing},
  volume={448},
  pages={290--300},
  year={2021},
  publisher={Elsevier}
}

@article{tan2022multi,
  title={A multi-modal fusion framework based on multi-task correlation learning for cancer prognosis prediction},
  author={Tan, Kaiwen and Huang, Weixian and Liu, Xiaofeng and Hu, Jinlong and Dong, Shoubin},
  journal={Artificial Intelligence in Medicine},
  volume={126},
  pages={102260},
  year={2022},
  publisher={Elsevier}
}

@article{li2020multi,
  title={Multi-task deep learning for fine-grained classification and grading in breast cancer histopathological images},
  author={Li, Lingqiao and Pan, Xipeng and Yang, Huihua and Liu, Zhenbing and He, Yubei and Li, Zhongming and Fan, Yongxian and Cao, Zhiwei and Zhang, Longhao},
  journal={Multimedia Tools and Applications},
  volume={79},
  pages={14509--14528},
  year={2020},
  publisher={Springer}
}


@article{graham2023one,
  title={One model is all you need: multi-task learning enables simultaneous histology image segmentation and classification},
  author={Graham, Simon and Vu, Quoc Dang and Jahanifar, Mostafa and Raza, Shan E Ahmed and Minhas, Fayyaz and Snead, David and Rajpoot, Nasir},
  journal={Medical Image Analysis},
  volume={83},
  pages={102685},
  year={2023},
  publisher={Elsevier}
}

@article{rezazadeh2023multi,
  title={Multi-task learning for gland segmentation},
  author={Rezazadeh, Iman and Duygulu, Pinar},
  journal={Signal, Image and Video Processing},
  volume={17},
  number={1},
  pages={1--9},
  year={2023},
  publisher={Springer}
}

@article{mormont2020multi,
  title={Multi-task pre-training of deep neural networks for digital pathology},
  author={Mormont, Romain and Geurts, Pierre and Mar{\'e}e, Rapha{\"e}l},
  journal={IEEE journal of biomedical and health informatics},
  volume={25},
  number={2},
  pages={412--421},
  year={2020},
  publisher={IEEE}
}

@article{dabass2022mtu,
  title={MTU: A multi-tasking U-net with hybrid convolutional learning and attention modules for cancer classification and gland Segmentation in Colon Histopathological Images},
  author={Dabass, Manju and Vashisth, Sharda and Vig, Rekha},
  journal={Computers in Biology and Medicine},
  volume={150},
  pages={106095},
  year={2022},
  publisher={Elsevier}
}

@inproceedings{mehta2018net,
  title={Y-Net: joint segmentation and classification for diagnosis of breast biopsy images},
  author={Mehta, Sachin and Mercan, Ezgi and Bartlett, Jamen and Weaver, Donald and Elmore, Joann G and Shapiro, Linda},
  booktitle={Medical Image Computing and Computer Assisted Intervention--MICCAI 2018: 21st International Conference, Granada, Spain, September 16-20, 2018, Proceedings, Part II 11},
  pages={893--901},
  year={2018},
  organization={Springer}
}

@inproceedings{deng2009imagenet,
  title={Imagenet: A large-scale hierarchical image database},
  author={Deng, Jia and Dong, Wei and Socher, Richard and Li, Li-Jia and Li, Kai and Fei-Fei, Li},
  booktitle={2009 IEEE conference on computer vision and pattern recognition},
  pages={248--255},
  year={2009},
  organization={Ieee}
}

@inproceedings{he2016deep,
  title={Deep residual learning for image recognition},
  author={He, Kaiming and Zhang, Xiangyu and Ren, Shaoqing and Sun, Jian},
  booktitle={Proceedings of the IEEE conference on computer vision and pattern recognition},
  pages={770--778},
  year={2016}
}

@inproceedings{huang2017densely,
  title={Densely connected convolutional networks},
  author={Huang, Gao and Liu, Zhuang and Van Der Maaten, Laurens and Weinberger, Kilian Q},
  booktitle={Proceedings of the IEEE conference on computer vision and pattern recognition},
  pages={4700--4708},
  year={2017}
}

@article{tan2021hierarchical,
  title={A hierarchical graph convolution network for representation learning of gene expression data},
  author={Tan, Kaiwen and Huang, Weixian and Liu, Xiaofeng and Hu, Jinlong and Dong, Shoubin},
  journal={IEEE Journal of Biomedical and Health Informatics},
  volume={25},
  number={8},
  pages={3219--3229},
  year={2021},
  publisher={IEEE}
}

@inproceedings{ronneberger2015u,
  title={U-net: Convolutional networks for biomedical image segmentation},
  author={Ronneberger, Olaf and Fischer, Philipp and Brox, Thomas},
  booktitle={Medical Image Computing and Computer-Assisted Intervention--MICCAI 2015: 18th International Conference, Munich, Germany, October 5-9, 2015, Proceedings, Part III 18},
  pages={234--241},
  year={2015},
  organization={Springer}
}

@inproceedings{chen2018encoder,
  title={Encoder-decoder with atrous separable convolution for semantic image segmentation},
  author={Chen, Liang-Chieh and Zhu, Yukun and Papandreou, George and Schroff, Florian and Adam, Hartwig},
  booktitle={Proceedings of the European conference on computer vision (ECCV)},
  pages={801--818},
  year={2018}
}

@inproceedings{lee2015deeply,
  title={Deeply-supervised nets},
  author={Lee, Chen-Yu and Xie, Saining and Gallagher, Patrick and Zhang, Zhengyou and Tu, Zhuowen},
  booktitle={Artificial intelligence and statistics},
  pages={562--570},
  year={2015},
  organization={Pmlr}
}

@inproceedings{yu2018deep,
  title={Deep layer aggregation},
  author={Yu, Fisher and Wang, Dequan and Shelhamer, Evan and Darrell, Trevor},
  booktitle={Proceedings of the IEEE conference on computer vision and pattern recognition},
  pages={2403--2412},
  year={2018}
}

@inproceedings{dai2017deformable,
  title={Deformable convolutional networks},
  author={Dai, Jifeng and Qi, Haozhi and Xiong, Yuwen and Li, Yi and Zhang, Guodong and Hu, Han and Wei, Yichen},
  booktitle={Proceedings of the IEEE international conference on computer vision},
  pages={764--773},
  year={2017}
}

@article{vaswani2017attention,
  title={Attention is all you need},
  author={Vaswani, Ashish and Shazeer, Noam and Parmar, Niki and Uszkoreit, Jakob and Jones, Llion and Gomez, Aidan N and Kaiser, {\L}ukasz and Polosukhin, Illia},
  journal={Advances in neural information processing systems},
  volume={30},
  year={2017}
}

@inproceedings{lin2017focal,
  title={Focal loss for dense object detection},
  author={Lin, Tsung-Yi and Goyal, Priya and Girshick, Ross and He, Kaiming and Doll{\'a}r, Piotr},
  booktitle={Proceedings of the IEEE international conference on computer vision},
  pages={2980--2988},
  year={2017}
}

@inproceedings{marik2022supervision,
  title={Supervision meets self-supervision: A deep multitask network for colorectal cancer histopathological analysis},
  author={Marik, Aritra and Chattopadhyay, Soumitri and Singh, Pawan Kumar},
  booktitle={International Conference on Machine Intelligence and Signal Processing},
  pages={475--485},
  year={2022},
  organization={Springer}
}

@inproceedings{tellez2020extending,
  title={Extending unsupervised neural image compression with supervised multitask learning},
  author={Tellez, David and H{\"o}ppener, Diederik and Verhoef, Cornelis and Gr{\"u}nhagen, Dirk and Nierop, Pieter and Drozdzal, Michal and Laak, Jeroen and Ciompi, Francesco},
  booktitle={Medical Imaging with Deep Learning},
  pages={770--783},
  year={2020},
  organization={PMLR}
}

@article{tellez2019neural,
  title={Neural image compression for gigapixel histopathology image analysis},
  author={Tellez, David and Litjens, Geert and Van der Laak, Jeroen and Ciompi, Francesco},
  journal={IEEE transactions on pattern analysis and machine intelligence},
  volume={43},
  number={2},
  pages={567--578},
  year={2019},
  publisher={IEEE}
}

@inproceedings{dong2018triplet,
  title={Triplet loss in siamese network for object tracking},
  author={Dong, Xingping and Shen, Jianbing},
  booktitle={Proceedings of the European conference on computer vision (ECCV)},
  pages={459--474},
  year={2018}
}

@article{kather2016multi,
  title={Multi-class texture analysis in colorectal cancer histology},
  author={Kather, Jakob Nikolas and Weis, Cleo-Aron and Bianconi, Francesco and Melchers, Susanne M and Schad, Lothar R and Gaiser, Timo and Marx, Alexander and Z{\"o}llner, Frank Gerrit},
  journal={Scientific reports},
  volume={6},
  number={1},
  pages={1--11},
  year={2016},
  publisher={Nature Publishing Group}
}

@InProceedings{simonyan2014very,
  author       = "Karen Simonyan and Andrew Zisserman",
  title        = "Very Deep Convolutional Networks for Large-Scale Image Recognition",
  booktitle    = "International Conference on Learning Representations",
  year         = "2015",
}

@article{roux2014mitos,
  title={Mitos \& atypia},
  author={Roux, Ludovic and Racoceanu, Daniel and Capron, Fr{\'e}d{\'e}rique and Calvo, Jessica and Attieh, Elham and Le Naour, Gilles and Gloaguen, Anne},
  journal={Image Pervasive Access Lab (IPAL), Agency Sci., Technol. \& Res. Inst. Infocom Res., Singapore, Tech. Rep},
  volume={1},
  pages={1--8},
  year={2014}
}

@article{sirinukunwattana2016locality,
  title={Locality sensitive deep learning for detection and classification of nuclei in routine colon cancer histology images},
  author={Sirinukunwattana, Korsuk and Raza, Shan E Ahmed and Tsang, Yee-Wah and Snead, David RJ and Cree, Ian A and Rajpoot, Nasir M},
  journal={IEEE transactions on medical imaging},
  volume={35},
  number={5},
  pages={1196--1206},
  year={2016},
  publisher={IEEE}
}

@article{janowczyk2016deep,
  title={Deep learning for digital pathology image analysis: A comprehensive tutorial with selected use cases},
  author={Janowczyk, Andrew and Madabhushi, Anant},
  journal={Journal of pathology informatics},
  volume={7},
  number={1},
  pages={29},
  year={2016},
  publisher={Elsevier}
}

@article{linder2012identification,
  title={Identification of tumor epithelium and stroma in tissue microarrays using texture analysis},
  author={Linder, Nina and Konsti, Juho and Turkki, Riku and Rahtu, Esa and Lundin, Mikael and Nordling, Stig and Haglund, Caj and Ahonen, Timo and Pietik{\"a}inen, Matti and Lundin, Johan},
  journal={Diagnostic pathology},
  volume={7},
  pages={1--11},
  year={2012},
  publisher={Springer}
}

@article{veta2019predicting,
  title={Predicting breast tumor proliferation from whole-slide images: the TUPAC16 challenge},
  author={Veta, Mitko and Heng, Yujing J and Stathonikos, Nikolas and Bejnordi, Babak Ehteshami and Beca, Francisco and Wollmann, Thomas and Rohr, Karl and Shah, Manan A and Wang, Dayong and Rousson, Mikael and others},
  journal={Medical image analysis},
  volume={54},
  pages={111--121},
  year={2019},
  publisher={Elsevier}
}

@article{aresta2019bach,
  title={Bach: Grand challenge on breast cancer histology images},
  author={Aresta, Guilherme and Ara{\'u}jo, Teresa and Kwok, Scotty and Chennamsetty, Sai Saketh and Safwan, Mohammed and Alex, Varghese and Marami, Bahram and Prastawa, Marcel and Chan, Monica and Donovan, Michael and others},
  journal={Medical image analysis},
  volume={56},
  pages={122--139},
  year={2019},
  publisher={Elsevier}
}

@article{bejnordi2017diagnostic,
  title={Diagnostic assessment of deep learning algorithms for detection of lymph node metastases in women with breast cancer},
  author={Bejnordi, Babak Ehteshami and Veta, Mitko and Van Diest, Paul Johannes and Van Ginneken, Bram and Karssemeijer, Nico and Litjens, Geert and Van Der Laak, Jeroen AWM and Hermsen, Meyke and Manson, Quirine F and Balkenhol, Maschenka and others},
  journal={Jama},
  volume={318},
  number={22},
  pages={2199--2210},
  year={2017},
  publisher={American Medical Association}
}


@inproceedings{mormont2018comparison,
  title={Comparison of deep transfer learning strategies for digital pathology},
  author={Mormont, Romain and Geurts, Pierre and Mar{\'e}e, Rapha{\"e}l},
  booktitle={Proceedings of the IEEE conference on computer vision and pattern recognition workshops},
  pages={2262--2271},
  year={2018}
}

@inproceedings{maree2016approach,
  title={An approach for detection of glomeruli in multisite digital pathology},
  author={Mar{\'e}e, Rapha{\"e}l and Dallongeville, Stephane and Olivo-Marin, J-C and Meas-Yedid, Vannary},
  booktitle={2016 IEEE 13th International Symposium on Biomedical Imaging (ISBI)},
  pages={1033--1036},
  year={2016},
  organization={IEEE}
}

@article{spanhol2015dataset,
  title={A dataset for breast cancer histopathological image classification},
  author={Spanhol, Fabio A and Oliveira, Luiz S and Petitjean, Caroline and Heutte, Laurent},
  journal={Ieee transactions on biomedical engineering},
  volume={63},
  number={7},
  pages={1455--1462},
  year={2015},
  publisher={IEEE}
}

@article{graham2019hover,
  title={Hover-net: Simultaneous segmentation and classification of nuclei in multi-tissue histology images},
  author={Graham, Simon and Vu, Quoc Dang and Raza, Shan E Ahmed and Azam, Ayesha and Tsang, Yee Wah and Kwak, Jin Tae and Rajpoot, Nasir},
  journal={Medical image analysis},
  volume={58},
  pages={101563},
  year={2019},
  publisher={Elsevier}
}

@article{kumar2017dataset,
  title={A dataset and a technique for generalized nuclear segmentation for computational pathology},
  author={Kumar, Neeraj and Verma, Ruchika and Sharma, Sanuj and Bhargava, Surabhi and Vahadane, Abhishek and Sethi, Amit},
  journal={IEEE transactions on medical imaging},
  volume={36},
  number={7},
  pages={1550--1560},
  year={2017},
  publisher={IEEE}
}

@article{chen2020pathomic,
  title={Pathomic fusion: an integrated framework for fusing histopathology and genomic features for cancer diagnosis and prognosis},
  author={Chen, Richard J and Lu, Ming Y and Wang, Jingwen and Williamson, Drew FK and Rodig, Scott J and Lindeman, Neal I and Mahmood, Faisal},
  journal={IEEE Transactions on Medical Imaging},
  volume={41},
  number={4},
  pages={757--770},
  year={2020},
  publisher={IEEE}
}

@article{mobadersany2018predicting,
  title={Predicting cancer outcomes from histology and genomics using convolutional networks},
  author={Mobadersany, Pooya and Yousefi, Safoora and Amgad, Mohamed and Gutman, David A and Barnholtz-Sloan, Jill S and Vel{\'a}zquez Vega, Jos{\'e} E and Brat, Daniel J and Cooper, Lee AD},
  journal={Proceedings of the National Academy of Sciences},
  volume={115},
  number={13},
  pages={E2970--E2979},
  year={2018},
  publisher={National Acad Sciences}
}

@article{sirinukunwattana2017gland,
  title={Gland segmentation in colon histology images: The glas challenge contest},
  author={Sirinukunwattana, Korsuk and Pluim, Josien PW and Chen, Hao and Qi, Xiaojuan and Heng, Pheng-Ann and Guo, Yun Bo and Wang, Li Yang and Matuszewski, Bogdan J and Bruni, Elia and Sanchez, Urko and others},
  journal={Medical image analysis},
  volume={35},
  pages={489--502},
  year={2017},
  publisher={Elsevier}
}

@article{dimitropoulos2017grading,
  title={Grading of invasive breast carcinoma through Grassmannian VLAD encoding},
  author={Dimitropoulos, Kosmas and Barmpoutis, Panagiotis and Zioga, Christina and Kamas, Athanasios and Patsiaoura, Kalliopi and Grammalidis, Nikos},
  journal={PloS one},
  volume={12},
  number={9},
  pages={e0185110},
  year={2017},
  publisher={Public Library of Science San Francisco, CA USA}
}

@article{graham2019mild,
  title={MILD-Net: Minimal information loss dilated network for gland instance segmentation in colon histology images},
  author={Graham, Simon and Chen, Hao and Gamper, Jevgenij and Dou, Qi and Heng, Pheng-Ann and Snead, David and Tsang, Yee Wah and Rajpoot, Nasir},
  journal={Medical image analysis},
  volume={52},
  pages={199--211},
  year={2019},
  publisher={Elsevier}
}

@article{borkowski2019lung,
  title={Lung and colon cancer histopathological image dataset (lc25000)},
  author={Borkowski, Andrew A and Bui, Marilyn M and Thomas, L Brannon and Wilson, Catherine P and DeLand, Lauren A and Mastorides, Stephen M},
  journal={arXiv preprint arXiv:1912.12142},
  year={2019}
}

@inproceedings{graham2021lizard,
  title={Lizard: A large-scale dataset for colonic nuclear instance segmentation and classification},
  author={Graham, Simon and Jahanifar, Mostafa and Azam, Ayesha and Nimir, Mohammed and Tsang, Yee-Wah and Dodd, Katherine and Hero, Emily and Sahota, Harvir and Tank, Atisha and Benes, Ksenija and others},
  booktitle={Proceedings of the IEEE/CVF international conference on computer vision},
  pages={684--693},
  year={2021}
}

@article{kather2019predicting,
  title={Predicting survival from colorectal cancer histology slides using deep learning: A retrospective multicenter study},
  author={Kather, Jakob Nikolas and Krisam, Johannes and Charoentong, Pornpimol and Luedde, Tom and Herpel, Esther and Weis, Cleo-Aron and Gaiser, Timo and Marx, Alexander and Valous, Nektarios A and Ferber, Dyke and others},
  journal={PLoS medicine},
  volume={16},
  number={1},
  pages={e1002730},
  year={2019},
  publisher={Public Library of Science San Francisco, CA USA}
}

@article{javed2020cellular,
  title={Cellular community detection for tissue phenotyping in colorectal cancer histology images},
  author={Javed, Sajid and Mahmood, Arif and Fraz, Muhammad Moazam and Koohbanani, Navid Alemi and Benes, Ksenija and Tsang, Yee-Wah and Hewitt, Katherine and Epstein, David and Snead, David and Rajpoot, Nasir},
  journal={Medical image analysis},
  volume={63},
  pages={101696},
  year={2020},
  publisher={Elsevier}
}

@article{wahab2022semantic,
  title={Semantic annotation for computational pathology: multidisciplinary experience and best practice recommendations},
  author={Wahab, Noorul and Miligy, Islam M and Dodd, Katherine and Sahota, Harvir and Toss, Michael and Lu, Wenqi and Jahanifar, Mostafa and Bilal, Mohsin and Graham, Simon and Park, Young and others},
  journal={The Journal of Pathology: Clinical Research},
  volume={8},
  number={2},
  pages={116--128},
  year={2022},
  publisher={Wiley Online Library}
}